@article{hytonen2018replacing,
  title={Replacing GCC compiler with Clang/LLVM},
  author={Hyt{\"o}nen, Sampo},
  year={2018},
  publisher={Vaasan ammattikorkeakoulu}
}
@article{larabel2011phoronix,
  title={Phoronix test suite},
  author={Larabel, Michael and Tippett, Matthew},
  journal={Phoronix Media,[Online]. Available: http://www. phoronix-test-suite. com/.[Accessed Dec 2019]},
  year={2011}
}
@article{reshetova2018toward,
  title={Toward Linux kernel memory safety},
  author={Reshetova, Elena and Liljestrand, Hans and Paverd, Andrew and Asokan, N},
  journal={Software: Practice and Experience},
  volume={48},
  number={12},
  pages={2237--2256},
  year={2018},
  publisher={Wiley Online Library}
}
@article{oleksenko2018intel,
  title={Intel mpx explained: A cross-layer analysis of the intel mpx system stack},
  author={Oleksenko, Oleksii and Kuvaiskii, Dmitrii and Bhatotia, Pramod and Felber, Pascal and Fetzer, Christof},
  journal={Proceedings of the ACM on Measurement and Analysis of Computing Systems},
  volume={2},
  number={2},
  pages={28},
  year={2018},
  publisher={ACM}
}
@article{stepanov2013memorysanitizer,
  title={MemorySanitizer},
  author={Stepanov, Evgeniy and Serebryany, Kostya},
  journal={Apr},
  volume={29},
  pages={2013--04},
  year={2013}
}
@inproceedings{serebryany2012addresssanitizer,
  title={AddressSanitizer: A fast address sanity checker},
  author={Serebryany, Konstantin and Bruening, Derek and Potapenko, Alexander and Vyukov, Dmitriy},
  booktitle={Presented as part of the 2012 $\{$USENIX$\}$ Annual Technical Conference ($\{$USENIX$\}$$\{$ATC$\}$ 12)},
  pages={309--318},
  year={2012}
}
@inproceedings{lattner2004llvm,
  title={LLVM: A compilation framework for lifelong program analysis \& transformation},
  author={Lattner, Chris and Adve, Vikram},
  booktitle={Proceedings of the international symposium on Code generation and optimization: feedback-directed and runtime optimization},
  pages={75},
  year={2004},
  organization={IEEE Computer Society}
}
@inproceedings{lattner2006introduction,
  title={Introduction to the LLVM compiler infrastructure},
  author={Lattner, Chris},
  booktitle={Itanium conference and expo},
  year={2006}
}
@inproceedings{lattner2008llvm,
  title={LLVM and Clang: Next generation compiler technology},
  author={Lattner, Chris},
  booktitle={The BSD conference},
  volume={5},
  year={2008}
}
@misc{llvm-ir,
    author = "{LLVM contributors}",
    title = "LLVM Language Reference Manual",
    year = "2019",
    url = "http://llvm.org/docs/LangRef.html",
    note = "[Online; accessed 10-November-2019]"
  }
@inproceedings{lattner2007llvm,
  title={The LLVM compiler system},
  author={Lattner, Chris},
  booktitle={Bossa Conference on Open Source, Mobile Internet and Multimedia, Recife, Brazil},
  year={2007}
}
@article{gribov2015fast,
  title={Fast memory debugger for large software projects},
  author={Gribov, Yury and Guseva, Maria and Ryabinin, Andrey and Kwon, JaeOok and Lee, SeungHoon and Lee, HakBong and Woo, ChungKi},
  journal={International Journal of Open Information Technologies},
  volume={3},
  number={9},
  year={2015},
  publisher={Лаборатория Открытых Информационных Технологий факультета ВМК МГУ им. МВ~…}
}
@article{barinov2017applying,
  title={Applying GCC-based Address Sanitizer to Tizen OS},
  author={Barinov, Vycheslav},
  year={2017}
}
@article{samsonov2013new,
  title={New features in addresssanitizer},
  author={Samsonov, Alexey and Serebryany, Kostya},
  year={2013}
}
@inproceedings{alkazimi2016heartbleed,
  title={Heartbleed: a misuse pattern for the OpenSSL implementation of the SSL/TLS protocol},
  author={Alkazimi, Ali and Fernandez, Eduardo B},
  booktitle={Proceedings of the 23rd Conference on Pattern Languages of Programs},
  pages={6},
  year={2016},
  organization={The Hillside Group}
}
@inproceedings{bohme2017directed,
  title={Directed greybox fuzzing},
  author={B{\"o}hme, Marcel and Pham, Van-Thuan and Nguyen, Manh-Dung and Roychoudhury, Abhik},
  booktitle={Proceedings of the 2017 ACM SIGSAC Conference on Computer and Communications Security},
  pages={2329--2344},
  year={2017},
  organization={ACM}
}
