@inproceedings{igarashi2005lightweight,
  title={Lightweight family polymorphism},
  author={Igarashi, Atsushi and Saito, Chieri and Viroli, Mirko},
  booktitle={Asian Symposium on Programming Languages and Systems},
  pages={161--177},
  year={2005},
  organization={Springer}
}
@inproceedings{ernst2001family,
  title={Family polymorphism}, author={Ernst, Erik},
  booktitle={European Conference on Object-Oriented Programming},
  pages={303--326},
  year={2001},
  organization={Springer}
}
@article{saito2007essence,
  title={The essence of lightweight family polymorphism},
  author={Saito, Chieri and Igarashi, Atsushi},
  journal={I thank Nanjing University and the State Key Laboratory for Novel Software Technology for hosting my stay in China and helping put together this technical report.},
  year={2007}
}
@article{zhang2017familia,
  title={Familia: unifying interfaces, type classes, and family polymorphism},
  author={Zhang, Yizhou and Myers, Andrew C},
  journal={Proceedings of the ACM on Programming Languages},
  volume={1},
  number={OOPSLA},
  pages={70},
  year={2017},
  publisher={ACM}
}
@article{ernst2000gbeta,
  title={gbeta-a language with virtual attributes, Block Structure, and Propagating, Dynamic Inheritance},
  author={Ernst, Erik},
  journal={DAIMI Report Series},
  number={549},
  year={2000}
}
@book{madsen1989virtual,
  title={Virtual classes: a powerful mechanism in object-oriented programming},
  author={Madsen, Ole Lehrmann and Moller-Pedersen, Birger},
  volume={24},
  number={10},
  year={1989},
  publisher={ACM}
}
@book{ernst2006virtual,
  title={A virtual class calculus},
  author={Ernst, Erik and Ostermann, Klaus and Cook, William R},
  volume={41},
  number={1},
  year={2006},
  publisher={ACM}
}
@article{wright1994syntactic,
  title={A syntactic approach to type soundness},
  author={Wright, Andrew K and Felleisen, Matthias},
  journal={Information and computation},
  volume={115},
  number={1},
  pages={38--94},
  year={1994},
  publisher={Elsevier}
}
@inproceedings{odersky2003nominal,
  title={A nominal theory of objects with dependent types},
  author={Odersky, Martin and Cremet, Vincent and R{\"o}ckl, Christine and Zenger, Matthias},
  booktitle={European Conference on Object-Oriented Programming},
  pages={201--224},
  year={2003},
  organization={Springer}
}
@inproceedings{nystrom2004scalable,
  title={Scalable extensibility via nested inheritance},
  author={Nystrom, Nathaniel and Chong, Stephen and Myers, Andrew C},
  booktitle={ACM SIGPLAN Notices},
  volume={39},
  number={10},
  pages={99--115},
  year={2004},
  organization={ACM}
}
@incollection{aracic2006overview,
  title={An overview of CaesarJ},
  author={Aracic, Ivica and Gasiunas, Vaidas and Mezini, Mira and Ostermann, Klaus},
  booktitle={Transactions on Aspect-Oriented Software Development I},
  pages={135--173},
  year={2006},
  publisher={Springer}
}
@misc{scala-graph-family-poly-example,
    author = "Martin Knei√ül",
    title = "Family Polymorphism in Scala",
    year = "2015",
    url = "http://www.familie-kneissl.org/Members/martin/blog/family-polymorphism-in-scala",
    note = "Avaiable from web.archive.org"
}
@inproceedings{odersky2005scalable,
  title={Scalable component abstractions},
  author={Odersky, Martin and Zenger, Matthias},
  booktitle={ACM Sigplan Notices},
  volume={40},
  number={10},
  pages={41--57},
  year={2005},
  organization={ACM}
}
@techreport{odersky2004overview,
  title={An overview of the Scala programming language},
  author={Odersky, Martin and Altherr, Philippe and Cremet, Vincent and Emir, Burak and Maneth, Sebastian and Micheloud, St{\'e}phane and Mihaylov, Nikolay and Schinz, Michel and Stenman, Erik and Zenger, Matthias},
  year={2004}
}
@inproceedings{mezini2004variability,
  title={Variability management with feature-oriented programming and aspects},
  author={Mezini, Mira and Ostermann, Klaus},
  booktitle={ACM SIGSOFT Software Engineering Notes},
  volume={29},
  number={6},
  pages={127--136},
  year={2004},
  organization={ACM}
}
@inproceedings{herrmann2002object,
  title={Object teams: Improving modularity for crosscutting collaborations},
  author={Herrmann, Stephan},
  booktitle={Net. ObjectDays: International Conference on Object-Oriented and Internet-Based Technologies, Concepts, and Applications for a Networked World},
  pages={248--264},
  year={2002},
  organization={Springer}
}
@article{kuhne2007can,
  title={Can programming be liberated from the two-level style: multi-level programming with deepjava},
  author={K{\"u}hne, Thomas and Schreiber, Daniel},
  journal={ACM SIGPLAN Notices},
  volume={42},
  number={10},
  pages={229--244},
  year={2007},
  publisher={ACM}
}
@inproceedings{moors2008generics,
  title={Generics of a higher kind},
  author={Moors, Adriaan and Piessens, Frank and Odersky, Martin},
  booktitle={Acm Sigplan Notices},
  volume={43},
  number={10},
  pages={423--438},
  year={2008},
  organization={ACM}
}
@inproceedings{smith2005chai,
  title={Chai: Traits for Java-like languages},
  author={Smith, Charles and Drossopoulou, Sophia},
  booktitle={European Conference on Object-Oriented Programming},
  pages={453--478},
  year={2005},
  organization={Springer}
}
@inproceedings{cremet2006core,
  title={A core calculus for Scala type checking},
  author={Cremet, Vincent and Garillot, Fran{\c{c}}ois and Lenglet, Sergue{\"\i} and Odersky, Martin},
  booktitle={International Symposium on Mathematical Foundations of Computer Science},
  pages={1--23},
  year={2006},
  organization={Springer}
}
@inproceedings{wehr2007javagi,
  title={JavaGI: generalized interfaces for java},
  author={Wehr, Stefan and L{\"a}mmel, Ralf and Thiemann, Peter},
  booktitle={European Conference on Object-Oriented Programming},
  pages={347--372},
  year={2007},
  organization={Springer}
}
@inproceedings{greenman2014getting,
  title={Getting F-bounded polymorphism into shape},
  author={Greenman, Ben and Muehlboeck, Fabian and Tate, Ross},
  booktitle={ACM SIGPLAN Notices},
  volume={49},
  number={6},
  pages={89--99},
  year={2014},
  organization={ACM}
}
@article{amin2014foundations,
  title={Foundations of path-dependent types},
  author={Amin, Nada and Rompf, Tiark and Odersky, Martin},
  journal={Acm Sigplan Notices},
  volume={49},
  number={10},
  pages={233--249},
  year={2014},
  publisher={ACM}
}
@article{mastrangelo2019casting,
  title={Casting about in the dark: an empirical study of cast operations in Java programs},
  author={Mastrangelo, Luis and Hauswirth, Matthias and Nystrom, Nathaniel},
  journal={Proceedings of the ACM on Programming Languages},
  volume={3},
  number={OOPSLA},
  pages={158},
  year={2019},
  publisher={ACM}
}
@inproceedings{hossein2019composition,
  title={Composition of Languages Embedded in Scala},
  author={Hossein, Seyed H Haeri and Keir, Paul},
  booktitle={2019 Federated Conference on Computer Science and Information Systems (FedCSIS)},
  pages={399--410},
  year={2019},
  organization={IEEE}
}
@article{rapoport2019path,
  title={A Path To DOT: Formalizing Fully-Path-Dependent Types},
  author={Rapoport, Marianna and Lhot{\'a}k, Ond{\v{r}}ej},
  journal={arXiv preprint arXiv:1904.07298},
  year={2019}
}
@phdthesis{mastrangelo2019and,
  title={When and how java developers give up static type safety},
  author={Mastrangelo, Luis},
  year={2019},
  school={Universit{\`a} della Svizzera italiana}
}
@article{steel2007model,
  title={On model typing},
  author={Steel, Jim and J{\'e}z{\'e}quel, Jean-Marc},
  journal={Software \& Systems Modeling},
  volume={6},
  number={4},
  pages={401--413},
  year={2007},
  publisher={Springer}
}
@book{madsen1993object,
  title={Object-oriented programming in the BETA programming language},
  author={Madsen, Ole Lehrmann and M{\o}ller-Pedersen, Birger and Nygaard, Kristen},
  year={1993},
  publisher={Addison-Wesley}
}
@inproceedings{dos2006specifying,
  title={Specifying C++ concepts},
  author={Dos Reis, Gabriel and Stroustrup, Bjarne},
  booktitle={ACM SIGPLAN Notices},
  volume={41},
  number={1},
  pages={295--308},
  year={2006},
  organization={ACM}
}
@article{liskov1988data,
  title={Data abstraction and hierarchy},
  author={Liskov, Barbara},
  journal={SIGPLAN notices},
  volume={23},
  number={5},
  pages={17--34},
  year={1988}
}
