@inproceedings{eisl2016trace,
  title={Trace-based Register Allocation in a JIT Compiler},
  author={Eisl, Josef and Grimmer, Matthias and Simon, Doug and W{\"u}rthinger, Thomas and M{\"o}ssenb{\"o}ck, Hanspeter},
  booktitle={Proceedings of the 13th International Conference on Principles and Practices of Programming on the Java Platform: Virtual Machines, Languages, and Tools},
  pages={1--11},
  year={2016}
}
@inproceedings{quintao2008register,
  title={Register allocation by puzzle solving},
  author={Quint{\~a}o Pereira, Fernando Magno and Palsberg, Jens},
  booktitle={Proceedings of the 29th ACM SIGPLAN Conference on Programming Language Design and Implementation},
  pages={216--226},
  year={2008}
}
@article{freiburghouse1974register,
  title={Register allocation via usage counts},
  author={Freiburghouse, Richard A},
  journal={Communications of the ACM},
  volume={17},
  number={11},
  pages={638--642},
  year={1974},
  publisher={ACM New York, NY, USA}
}
@article{poletto1999linear,
  title={Linear scan register allocation},
  author={Poletto, Massimiliano and Sarkar, Vivek},
  journal={ACM Transactions on Programming Languages and Systems (TOPLAS)},
  volume={21},
  number={5},
  pages={895--913},
  year={1999},
  publisher={ACM New York, NY, USA}
}
@article{chaitin1981register,
  title={Register allocation via coloring},
  author={Chaitin, Gregory J and Auslander, Marc A and Chandra, Ashok K and Cocke, John and Hopkins, Martin E and Markstein, Peter W},
  journal={Computer languages},
  volume={6},
  number={1},
  pages={47--57},
  year={1981},
  publisher={Elsevier}
}
@inproceedings{namjoshi2014witnessing,
  title={Witnessing an SSA transformation},
  author={Namjoshi, Kedar S},
  booktitle={VeriSure Workshop, CAV},
  year={2014}
}
@inproceedings{zhao2013formal,
  title={Formal verification of SSA-based optimizations for LLVM},
  author={Zhao, Jianzhou and Nagarakatte, Santosh and Martin, Milo MK and Zdancewic, Steve},
  booktitle={Proceedings of the 34th ACM SIGPLAN conference on Programming language design and implementation},
  pages={175--186},
  year={2013}
}
@inproceedings{zhao2012formalizing,
  title={Formalizing the LLVM intermediate representation for verified program transformations},
  author={Zhao, Jianzhou and Nagarakatte, Santosh and Martin, Milo MK and Zdancewic, Steve},
  booktitle={Proceedings of the 39th annual ACM SIGPLAN-SIGACT symposium on Principles of programming languages},
  pages={427--440},
  year={2012}
}
@inproceedings{lattner2004llvm,
  title={LLVM: A compilation framework for lifelong program analysis \& transformation},
  author={Lattner, Chris and Adve, Vikram},
  booktitle={International Symposium on Code Generation and Optimization, 2004. CGO 2004.},
  pages={75--86},
  year={2004},
  organization={IEEE}
}
@article{cytron1991efficiently,
  title={Efficiently computing static single assignment form and the control dependence graph},
  author={Cytron, Ron and Ferrante, Jeanne and Rosen, Barry K and Wegman, Mark N and Zadeck, F Kenneth},
  journal={ACM Transactions on Programming Languages and Systems (TOPLAS)},
  volume={13},
  number={4},
  pages={451--490},
  year={1991},
  publisher={ACM New York, NY, USA}
}
@inproceedings{sreedhar1995linear,
  title={A linear time algorithm for placing $\phi$-nodes},
  author={Sreedhar, Vugranam C and Gao, Guang R},
  booktitle={Proceedings of the 22nd ACM SIGPLAN-SIGACT symposium on Principles of programming languages},
  pages={62--73},
  year={1995}
}
@inproceedings{quintao2008register,
  title={Register allocation by puzzle solving},
  author={Quint{\~a}o Pereira, Fernando Magno and Palsberg, Jens},
  booktitle={Proceedings of the 29th ACM SIGPLAN Conference on Programming Language Design and Implementation},
  pages={216--226},
  year={2008}
}
